@online{conducter,
  author={conducter},
  title={Cookies},
  url={https://www.conductor.com/de/academy/glossar/cookies/ },
  urldate={2024-05-31},
  year={2024}
}

@online{Datenschutz,
  author={steigerlegal},
  title={Datenschutz},
  url={https://steigerlegal.ch/2023/02/06/cookie-banner-neues-datenschutzgesetz-schweiz/},
  urldate={2024-05-31},
  year={2024}
}



@online{datenschutzgesetz,
  author={datenschutz},
  title={Datenschutz},
  url={https://www.datenschutz.org/dsgvo-cookies/},
  urldate={2024-05-31},
  year={2024}
}

@online{KI,
  author={Frau Hofer},
  title={KI},
  url={https://www.iks.fraunhofer.de/de/themen/kuenstliche-intelligenz.html#:~:text=K%C3%BCnstliche%20Intelligenz%20(KI)%20ist%20ein,durch%20maschinelles%20Lernen%20erzeugt%20werden.},
  urldate={2024-05-31},
  year={2024}
}
@online{Abbildung1,
  author={Justin Morgen},
  title={Cookies},
  url={https://unsplash.com/de/fotos/ein-computerbildschirm-mit-einer-reihe-von-daten-darauf-VxLhYXuLQN8},
  urldate={2024-05-31},
  year={2024}
}